<?xml version="1.0" encoding="UTF-8"?><collection xmlns="http://www.loc.gov/MARC21/slim"><record><leader>00421nam--2200157-i-4500</leader><controlfield tag="001">000027857</controlfield><controlfield tag="002">20161230</controlfield><controlfield tag="005">20170127194011</controlfield><controlfield tag="008">060222s1000------------r-----000-0-eng-d</controlfield><datafield ind1=" " ind2=" " tag="080"><subfield code="a">624</subfield></datafield><datafield ind1=" " ind2=" " tag="100"><subfield code="a">Kruger, Karl</subfield></datafield><datafield ind1=" " ind2=" " tag="245"><subfield code="a">Ingenieure bauen die welt. Erdumfassende naturliche raumplanung</subfield></datafield><datafield ind1=" " ind2=" " tag="260"><subfield code="a">Berlin</subfield><subfield code="b">Safari Verlag</subfield><subfield code="c">[1956]</subfield></datafield><datafield ind1=" " ind2=" " tag="300"><subfield code="a">462 p. + 48 Pl.+ 1 H</subfield></datafield><datafield ind1=" " ind2=" " tag="852"><subfield code="a">12061</subfield></datafield><datafield ind1=" " ind2=" " tag="CAT"><subfield code="a">SYS</subfield><subfield code="c">20170127</subfield><subfield code="h">194011</subfield></datafield></record></collection>